<?xml version="1.0" encoding="UTF-8"?><collection xmlns="http://www.loc.gov/MARC21/slim"><record><leader>00549nam--2200205-i-4500</leader><controlfield tag="001">000012627</controlfield><controlfield tag="002">20161230</controlfield><controlfield tag="005">20161230201029</controlfield><controlfield tag="008">060222s1000------------r-----000-0-eng-d</controlfield><datafield ind1=" " ind2=" " tag="020"><subfield code="a">0824766253</subfield></datafield><datafield ind1=" " ind2=" " tag="040"><subfield code="a">IFIN-HH</subfield></datafield><datafield ind1=" " ind2=" " tag="080"><subfield code="a">537.531</subfield></datafield><datafield ind1="1" ind2=" " tag="100"><subfield code="a">Herglotz, H.K</subfield></datafield><datafield ind1="1" ind2="0" tag="245"><subfield code="a">X-ray spectrometry</subfield><subfield code="b">Volume 2</subfield><subfield code="c">H.k. herglotz, l.s. birks (eds.)</subfield></datafield><datafield ind1=" " ind2=" " tag="260"><subfield code="a">New York</subfield><subfield code="b">Marcel Dekker</subfield><subfield code="c">1978</subfield></datafield><datafield ind1=" " ind2=" " tag="300"><subfield code="a">518P</subfield></datafield><datafield ind1=" " ind2=" " tag="490"><subfield code="a">Practical Spectroscopy</subfield><subfield code="v">Volume 2</subfield></datafield><datafield ind1=" " ind2=" " tag="700"><subfield code="a">Birks, L.S</subfield><subfield code="e">Ed</subfield></datafield><datafield ind1=" " ind2=" " tag="852"><subfield code="a">45935</subfield><subfield code="c">537.531</subfield></datafield><datafield ind1=" " ind2=" " tag="CAT"><subfield code="a">Sys</subfield><subfield code="c">20110810</subfield><subfield code="h">115839</subfield></datafield></record></collection>